@article{jwt1,
  author       = {Логвинов, Д. В. and Савкин, С. С.},
  title        = {Аутентификация и авторизация в ASP.NET Core 6},
  booktitle    = {Актуальные аспекты научных исследований: Сборник статей II Международной научно-практической конференции, Саратов, 19 марта 2024 года},
  publisher    = {Общество с ограниченной ответственностью Издательство «КУБиК»},
  address      = {Саратов},
  year         = {2024},
  pages        = {126--133},
  language={russian}
}

@article{jwt2,
  title={ПРОЦЕСС АУТЕНТИФИКАЦИ С ИСПОЛЬЗОВАНИЕМ ТОКЕНОВ ДОСТУПА, ФОРМИРУЕМЫХ НА ОСНОВЕ СТАНДАРТА RFC 7519 (JWT TOKEN)},
  author={Ананченко, Игорь Викторович and Грязных, Иван Дмитриевич},
  journal={ЛУЧШАЯ ИССЛЕДОВАТЕЛЬСКАЯ СТАТЬЯ 2023: сборник статей II},
  pages={6},
  year={2023},
  language={russian}
}
